<collection xmlns="http://www.loc.gov/MARC21/slim"><record><leader>01011nam  2200265   450</leader><controlfield tag="001">750</controlfield><controlfield tag="003">http://montalegre.opacnet.com/OPAC/default.aspx?ContentAreaControl=ShowRegHoldings.ascx&amp;RegNo=16662</controlfield><controlfield tag="005">20</controlfield><datafield tag="010" ind1=" " ind2=" "><subfield code="a">972-708-133-9</subfield><subfield code="z">708-133-9</subfield></datafield><datafield tag="021" ind1=" " ind2=" "><subfield code="a">PT</subfield><subfield code="b">14144</subfield></datafield><datafield tag="100" ind1=" " ind2=" "><subfield code="a">19920310d1992    m  y0pory010305  ba</subfield></datafield><datafield tag="101" ind1="1" ind2=" "><subfield code="a">por</subfield></datafield><datafield tag="102" ind1=" " ind2=" "><subfield code="a">PT</subfield></datafield><datafield tag="105" ind1=" " ind2=" "><subfield code="a">a   z   000ay</subfield></datafield><datafield tag="200" ind1="1" ind2=" "><subfield code="a">&lt;A &gt;maravilhosa viagem de Nils Holgersson através da Suécia</subfield><subfield code="f">Selma Lagerlöf</subfield><subfield code="g">trad.: Maria de Castro Henriques Osswald</subfield></datafield><datafield tag="210" ind1=" " ind2=" "><subfield code="a">Lisboa</subfield><subfield code="c">Relógio d'Água</subfield><subfield code="d">[D.L. 1992]</subfield></datafield><datafield tag="215" ind1=" " ind2=" "><subfield code="a">399, [2] p.</subfield><subfield code="c">il.</subfield><subfield code="d">21 cm</subfield></datafield><datafield tag="225" ind1="2" ind2=" "><subfield code="a">Universos mágicos</subfield></datafield><datafield tag="304" ind1=" " ind2=" "><subfield code="a">Tít. orig. : Nils Holgerssons underbaira resa genon Sverige</subfield></datafield><datafield tag="608" ind1=" " ind2=" "><subfield code="a">Narrativas de viagens</subfield><subfield code="2">Autoridade</subfield><subfield code="3">PT9999-00-10-2009040123590005491</subfield></datafield><datafield tag="675" ind1=" " ind2=" "><subfield code="a">82-992</subfield><subfield code="v">BN</subfield><subfield code="z">por</subfield></datafield><datafield tag="700" ind1=" " ind2="1"><subfield code="a">Lagerlöf</subfield><subfield code="b">Selma</subfield><subfield code="f">1858-1940</subfield></datafield><datafield tag="702" ind1=" " ind2="1"><subfield code="a">Osswald</subfield><subfield code="b">Maria Henriques</subfield><subfield code="f">1893-1988</subfield><subfield code="4">730</subfield></datafield><datafield tag="801" ind1=" " ind2="0"><subfield code="a">PT</subfield><subfield code="b">Biblioteca Municipal de Montalegre</subfield><subfield code="g">RPC</subfield></datafield><datafield tag="856" ind1=" " ind2=" "><subfield code="u">locateMedia.asp?cod=20060620093406&amp;ext=jpg</subfield><subfield code="z">CAPA</subfield></datafield><datafield tag="909" ind1="&#9;" ind2=" "><subfield code="a">1</subfield></datafield><datafield tag="966" ind1=" " ind2=" "><subfield code="a">0008987</subfield><subfield code="l">BMM</subfield><subfield code="s">SCG 82-992 LAG mar</subfield></datafield></record></collection>